@article{karlin1968rates,
  title={Rates of approach to homozygosity for finite stochastic models with variable population size},
  author={Karlin, Samuel},
  journal={The American Naturalist},
  volume={102},
  number={927},
  pages={443--455},
  year={1968},
  publisher={University of Chicago Press}
}

@article{lyman2022revisiting,
  title={Revisiting the comparative phylogeography of unglaciated eastern North America: 15 years of patterns and progress},
  author={Lyman, Rachel Ann and Edwards, Christine E},
  journal={Ecology and Evolution},
  volume={12},
  number={4},
  pages={e8827},
  year={2022},
  publisher={Wiley Online Library}
}
@article{beyer2020high,
  title={High-resolution terrestrial climate, bioclimate and vegetation for the last 120,000 years},
  author={Beyer, Robert M and Krapp, Mario and Manica, Andrea},
  journal={Scientific data},
  volume={7},
  number={1},
  pages={236},
  year={2020},
  publisher={Nature Publishing Group UK London}
}

@article{leonardi2023pastclim,
  title={pastclim 1.2: an R package to easily access and use paleoclimatic reconstructions},
  author={Leonardi, Michela and Hallett, Emily Y and Beyer, Robert and Krapp, Mario and Manica, Andrea},
  journal={Ecography},
  pages={e06481},
  year={2023},
  publisher={Wiley Online Library}
}

@article{krapp2021statistics,
  title={A statistics-based reconstruction of high-resolution global terrestrial climate for the last 800,000 years},
  author={Krapp, Mario and Beyer, Robert M and Edmundson, Stephen L and Valdes, Paul J and Manica, Andrea},
  journal={Scientific Data},
  volume={8},
  number={1},
  pages={228},
  year={2021},
  publisher={Nature Publishing Group UK London}
}

@article{bono2018genome,
  title={Genome-wide markers reveal a complex evolutionary history involving divergence and introgression in the Abert’s squirrel (Sciurus aberti) species group},
  author={Bono, Jeremy M and Pigage, Helen K and Wettstein, Peter J and Prosser, Stephanie A and Pigage, Jon C},
  journal={BMC Evolutionary Biology},
  volume={18},
  number={1},
  pages={1--17},
  year={2018},
  publisher={BioMed Central}
}

@article{robles2022wildlife,
  title={Wildlife susceptibility to infectious diseases at global scales},
  author={Robles-Fern{\'a}ndez, {\'A}ngel L and Santiago-Alarcon, Diego and Lira-Noriega, Andr{\'e}s},
  journal={Proceedings of the National Academy of Sciences},
  volume={119},
  number={35},
  pages={e2122851119},
  year={2022},
  publisher={National Acad Sciences}
}

@article{brockhurst2013experimental,
  title={Experimental coevolution of species interactions},
  author={Brockhurst, Michael A and Koskella, Britt},
  journal={Trends in ecology \& evolution},
  volume={28},
  number={6},
  pages={367--375},
  year={2013},
  publisher={Elsevier}
}
@article{berenos2011antagonistic,
  title={Antagonistic coevolution with parasites maintains host genetic diversity: an experimental test},
  author={B{\'e}r{\'e}nos, Camillo and Wegner, K Mathias and Schmid-Hempel, Paul},
  journal={Proceedings of the Royal Society B: Biological Sciences},
  volume={278},
  number={1703},
  pages={218--224},
  year={2011},
  publisher={The Royal Society}
}


@misc{upham2022mammal,
  title={Mammal diversity database},
  author={Upham, Nate and Burgin, Connor and Widness, Jane and Liphardt, S and Parker, Camilla and Becker, M and Rochon, Ingrid and Huckaby, David},
  year={2022},
  publisher={Version}
}
@article{poelen2014global,
  title={Global biotic interactions: An open infrastructure to share and analyze species-interaction datasets},
  author={Poelen, Jorrit H and Simons, James D and Mungall, Chris J},
  journal={Ecological Informatics},
  volume={24},
  pages={148--159},
  year={2014},
  publisher={Elsevier}
}
@article{carlson2022global,
  title={The Global Virome in One Network (VIRION): an atlas of vertebrate-virus associations},
  author={Carlson, Colin J and Gibb, Rory J and Albery, Gregory F and Brierley, Liam and Connor, Ryan P and Dallas, Tad A and Eskew, Evan A and Fagre, Anna C and Farrell, Maxwell J and Frank, Hannah K and others},
  journal={MBio},
  volume={13},
  number={2},
  pages={e02985--21},
  year={2022},
  publisher={Am Soc Microbiol}
}

@article{thorup2021response,
  title={Response of an Afro-Palearctic bird migrant to glaciation cycles},
  author={Thorup, Kasper and Pedersen, Lykke and Da Fonseca, Rute R and Naimi, Babak and Nogu{\'e}s-Bravo, David and Krapp, Mario and Manica, Andrea and Willemoes, Mikkel and Sj{\"o}berg, Sissel and Feng, Shaohong and others},
  journal={Proceedings of the National Academy of Sciences},
  volume={118},
  number={52},
  pages={e2023836118},
  year={2021},
  publisher={National Acad Sciences}
}

@article{nogues2009predicting,
  title={Predicting the past distribution of species climatic niches},
  author={Nogu{\'e}s-Bravo, David},
  journal={Global Ecology and Biogeography},
  volume={18},
  number={5},
  pages={521--531},
  year={2009},
  publisher={Wiley Online Library}
}
@article{lira2014relationship,
  title={Relationship of genetic diversity and niche centrality: a survey and analysis},
  author={Lira-Noriega, Andr{\'e}s and Manthey, Joseph D},
  journal={Evolution},
  volume={68},
  number={4},
  pages={1082--1093},
  year={2014},
  publisher={Blackwell Publishing Inc Malden, USA}
}

@article{lira2014relationship,
  title={Relationship of genetic diversity and niche centrality: a survey and analysis},
  author={Lira-Noriega, Andr{\'e}s and Manthey, Joseph D},
  journal={Evolution},
  volume={68},
  number={4},
  pages={1082--1093},
  year={2014},
  publisher={Blackwell Publishing Inc Malden, USA}
}

@article{owens2013constraints,
  title={Constraints on interpretation of ecological niche models by limited environmental ranges on calibration areas},
  author={Owens, Hannah L and Campbell, Lindsay P and Dornak, L Lynnette and Saupe, Erin E and Barve, Narayani and Sober{\'o}n, Jorge and Ingenloff, Kate and Lira-Noriega, Andr{\'e}s and Hensz, Christopher M and Myers, Corinne E and others},
  journal={Ecological modelling},
  volume={263},
  pages={10--18},
  year={2013},
  publisher={Elsevier}
}


@article{peterson2008rethinking,
  title={Rethinking receiver operating characteristic analysis applications in ecological niche modeling},
  author={Peterson, A Townsend and Pape{\c{s}}, Monica and Sober{\'o}n, Jorge},
  journal={Ecological modelling},
  volume={213},
  number={1},
  pages={63--72},
  year={2008},
  publisher={Elsevier}
}

@article{phillips2006maximum,
  title={Maximum entropy modeling of species geographic distributions},
  author={Phillips, Steven J and Anderson, Robert P and Schapire, Robert E},
  journal={Ecological modelling},
  volume={190},
  number={3-4},
  pages={231--259},
  year={2006},
  publisher={Elsevier}
}

@article{leonardi2023pastclim,
  title={pastclim 1.2: an R package to easily access and use paleoclimatic reconstructions},
  author={Leonardi, Michela and Hallett, Emily Y and Beyer, Robert and Krapp, Mario and Manica, Andrea},
  journal={Ecography},
  pages={e06481},
  year={2023},
  publisher={Wiley Online Library}
}

@article{merow2013practical,
  title={A practical guide to MaxEnt for modeling species' distributions: what it does, and why inputs and settings matter},
  author={Merow, Cory and Smith, Matthew J and Silander Jr, John A},
  journal={Ecography},
  volume={36},
  number={10},
  pages={1058--1069},
  year={2013},
  publisher={Wiley Online Library}
}


@article{guisan2005predicting,
  title={Predicting species distribution: offering more than simple habitat models},
  author={Guisan, Antoine and Thuiller, Wilfried},
  journal={Ecology letters},
  volume={8},
  number={9},
  pages={993--1009},
  year={2005},
  publisher={Wiley Online Library}
}

@article{peterson2012species,
  title={Species distribution modeling and ecological niche modeling: getting the concepts right},
  author={Peterson, A Townsend and Sober{\'o}n, Jorge},
  journal={Natureza \& Conserva{\c{c}}{\~a}o},
  volume={10},
  number={2},
  pages={102--107},
  year={2012},
  publisher={Elsevier BV}
}

@article{saupe2012variation,
  title={Variation in niche and distribution model performance: the need for a priori assessment of key causal factors},
  author={Saupe, EE and Barve, V and Myers, CE and Sober{\'o}n, J and Barve, N and Hensz, CM and Peterson, AT and Owens, H Lc and Lira-Noriega, A},
  journal={Ecological Modelling},
  volume={237},
  pages={11--22},
  year={2012},
  publisher={Elsevier}
}


@article{soberon2009niches,
  title={Niches and distributional areas: concepts, methods, and assumptions},
  author={Sober{\'o}n, Jorge and Nakamura, Miguel},
  journal={Proceedings of the National Academy of Sciences},
  volume={106},
  number={supplement\_2},
  pages={19644--19650},
  year={2009},
  publisher={National Acad Sciences}
}

@article{soberon2005interpretation,
  title={Interpretation of models of fundamental ecological niches and species’ distributional areas},
  author={Soberon, Jorge and Peterson, A Townsend},
  year={2005},
  publisher={University of Kansas}
}


@article{beyer2020high,
  title={High-resolution terrestrial climate, bioclimate and vegetation for the last 120,000 years},
  author={Beyer, Robert M and Krapp, Mario and Manica, Andrea},
  journal={Scientific data},
  volume={7},
  number={1},
  pages={236},
  year={2020},
  publisher={Nature Publishing Group UK London}
}

@article{singarayer2010high,
  title={High-latitude climate sensitivity to ice-sheet forcing over the last 120 kyr},
  author={Singarayer, Joy S and Valdes, Paul J},
  journal={Quaternary Science Reviews},
  volume={29},
  number={1-2},
  pages={43--55},
  year={2010},
  publisher={Elsevier}
}


@article{valdes2017bridge,
  title={The BRIDGE HadCM3 family of climate models: HadCM3@ Bristol v1. 0},
  author={Valdes, Paul J and Armstrong, Edward and Badger, Marcus PS and Bradshaw, Catherine D and Bragg, Fran and Crucifix, Michel and Davies-Barnard, Taraka and Day, Jonathan J and Farnsworth, Alex and Gordon, Chris and others},
  journal={Geoscientific Model Development},
  volume={10},
  number={10},
  pages={3715--3743},
  year={2017},
  publisher={Copernicus GmbH}
}

@article{soberon2020shape,
  title={What is the shape of the fundamental Grinnellian niche?},
  author={Sober{\'o}n, Jorge and Peterson, A Townsend},
  journal={Theoretical Ecology},
  volume={13},
  number={1},
  pages={105--115},
  year={2020},
  publisher={Springer}
}


@article{merow2014using,
  title={On using integral projection models to generate demographically driven predictions of species' distributions: development and validation using sparse data},
  author={Merow, Cory and Latimer, Andrew M and Wilson, Adam M and McMahon, Sean M and Rebelo, Anthony G and Silander Jr, John A},
  journal={Ecography},
  volume={37},
  number={12},
  pages={1167--1183},
  year={2014},
  publisher={Wiley Online Library}
}

@article{hedrick2005standardized,
  title={A standardized genetic differentiation measure},
  author={Hedrick, Philip W},
  journal={Evolution},
  volume={59},
  number={8},
  pages={1633--1638},
  year={2005},
  publisher={Wiley Online Library}
}

@article{wright1943isolation,
  title={Isolation by distance},
  author={Wright, Sewall},
  journal={Genetics},
  volume={28},
  number={2},
  pages={114},
  year={1943},
  publisher={Oxford University Press}
}

@article{nei1986definition,
  title={Definition and estimation of fixation indices},
  author={Nei, Masatoshi},
  journal={Evolution},
  volume={40},
  number={3},
  pages={643--645},
  year={1986},
  publisher={JSTOR}
}

@article{karlin1968rates,
  title={Rates of approach to homozygosity for finite stochastic models with variable population size},
  author={Karlin, Samuel},
  journal={The American Naturalist},
  volume={102},
  number={927},
  pages={443--455},
  year={1968},
  publisher={University of Chicago Press}
}


@misc{burgin2018many,
  title={How many species of mammals are there?},
  author={Burgin, Connor J and Colella, Jocelyn P and Kahn, Philip L and Upham, Nathan S},
  journal={Journal of Mammalogy},
  volume={99},
  number={1},
  pages={1--14},
  year={2018},
  publisher={Oxford University Press US}
}
}

@article{upham2019inferring,
  title={Inferring the mammal tree: species-level sets of phylogenies for questions in ecology, evolution, and conservation},
  author={Upham, Nathan S and Esselstyn, Jacob A and Jetz, Walter},
  journal={PLoS biology},
  volume={17},
  number={12},
  pages={e3000494},
  year={2019},
  publisher={Public Library of Science San Francisco, CA USA}
}
